<?xml version="1.0" encoding="UTF-8"?><collection xmlns="http://www.loc.gov/MARC21/slim"><record><leader>00681nam--2200181-i-4500</leader><controlfield tag="001">000016904</controlfield><controlfield tag="002">20161230</controlfield><controlfield tag="005">20161230201032</controlfield><controlfield tag="008">060222s1000------------r-----000-0-eng-d</controlfield><datafield ind1=" " ind2=" " tag="020"><subfield code="a">9971500426</subfield></datafield><datafield ind1=" " ind2=" " tag="040"><subfield code="a">IFIN-HH</subfield></datafield><datafield ind1=" " ind2=" " tag="080"><subfield code="a">538.9.(061.3)</subfield></datafield><datafield ind1="1" ind2=" " tag="100"><subfield code="a">Waber, James T</subfield></datafield><datafield ind1="1" ind2="0" tag="245"><subfield code="a">Characterization and behavior of material with submicron dimensions</subfield><subfield code="b">Proceedings from the conference sponsored by the tms committee on alloy phases and the electrical, magnetic, and optical phenomena activity group of the msd of asm</subfield><subfield code="c">James t. waber (ed.)</subfield></datafield><datafield ind1=" " ind2=" " tag="260"><subfield code="a">Singapore</subfield><subfield code="b">World Scientific</subfield><subfield code="c">1985</subfield></datafield><datafield ind1=" " ind2=" " tag="300"><subfield code="a">XII + 205P</subfield></datafield><datafield ind1=" " ind2=" " tag="852"><subfield code="a">79106</subfield><subfield code="c">537.533.35</subfield></datafield><datafield ind1=" " ind2=" " tag="CAT"><subfield code="a">Sys</subfield><subfield code="c">20110915</subfield><subfield code="h">115130</subfield></datafield></record></collection>